<?xml version="1.0" encoding="UTF-8"?><record xmlns="http://www.loc.gov/MARC21/slim" xmlns:cinclude="http://apache.org/cocoon/include/1.0" xmlns:zs="http://www.loc.gov/zing/srw/">
  <leader>00400nz  a2200133n  4500</leader>
  <controlfield tag="001">nb2007019903</controlfield>
  <controlfield tag="003">DLC</controlfield>
  <controlfield tag="005">20070830075106.0</controlfield>
  <controlfield tag="008">070828n| acannaabn          |n ana      </controlfield>
  <datafield tag="010" ind1=" " ind2=" ">
    <subfield code="a">nb2007019903</subfield>
  </datafield>
  <datafield tag="035" ind1=" " ind2=" ">
    <subfield code="a">(Uk)006894354</subfield>
  </datafield>
  <datafield tag="040" ind1=" " ind2=" ">
    <subfield code="a">Uk</subfield>
    <subfield code="b">eng</subfield>
    <subfield code="c">Uk</subfield>
  </datafield>
  <datafield tag="110" ind1="2" ind2=" ">
    <subfield code="a">Coopérative ouvrière de presse et d'editions</subfield>
  </datafield>
  <datafield tag="670" ind1=" " ind2=" ">
    <subfield code="a">Quo vadis Poland?:</subfield>
    <subfield code="b">t.p. facing (Coopérative Ouvrière de Presse et d'Editions)</subfield>
  </datafield>
</record>